@unpublished{bn1970_pdf,
    title = {bn1970.pdf},
    author = {Taro Yoshino},
    note = {Dropbox},
}
@book{brown_fundamentals_1986,
    title = {Fundamentals of statistical exponential families: with applications in statistical decision theory},
    isbn = {978-0-940600-10-2},
    shorttitle = {Fundamentals of statistical exponential families},
    publisher = {Institute of Mathematical Statistics},
    author = {Brown, L. D.},
    year = {1986},
}
@misc{dudley_18466_2003,
    title = {18.466 {Mathematical} {Statistics}, {Spring} 2003},
    copyright = {Usage Restrictions: This site (c) Massachusetts Institute of Technology 2016. Content within individual courses is (c) by the individual authors unless otherwise noted. The Massachusetts Institute of Technology is providing this Work (as defined below) under the terms of this Creative Commons public license ("CCPL" or "license") unless otherwise noted. The Work is protected by copyright and/or other applicable law. Any use of the work other than as authorized under this license is prohibited. By exercising any of the rights to the Work provided here, You (as defined below) accept and agree to be bound by the terms of this license. The Licensor, the Massachusetts Institute of Technology, grants You the rights contained here in consideration of Your acceptance of such terms and conditions.},
    note = {
        \url{https://dspace.mit.edu/handle/1721.1/103814},
        Last accessed on 2023-05-14
    },
    author = {Dudley, Richard},
    year = {2003},
}
@book{BN78,
    title = {Information and Exponential Families: In Statistical Theory},
    author = {Barndorff-Nielsen, O. E.},
    publisher = {Wiley},
    year = {1978}
}
@book{niculescu_convex_2018,
	address = {Cham},
	series = {{CMS} {Books} in {Mathematics}},
	title = {Convex {Functions} and {Their} {Applications}},
	isbn = {978-3-319-78336-9 978-3-319-78337-6},
	url = {http://link.springer.com/10.1007/978-3-319-78337-6},
	publisher = {Springer International Publishing},
	author = {Niculescu, Constantin P. and Persson, Lars-Erik},
	year = {2018},
	doi = {10.1007/978-3-319-78337-6},
	keywords = {Convex Function, Convex Set, Duality and Convex Optimization, Eigenvalue Inequalities, Geodesic Convexity, Hyperbolicity, Matrix Convexity},
}
@article{_bayes_2020,
	title = {{シンプレクティック幾何的視点でのBAYESの定理について} (部分多様体の幾何学の深化と展開)},
	volume = {2152},
	issn = {1880-2818},
	url = {https://repository.kulib.kyoto-u.ac.jp/dspace/handle/2433/255074},
	abstract = {本稿では多変量正規分布における母平均の推定の場合にBayesの定理を正準変換で表せる事を述べる。},
	language = {jpn},
	urldate = {2023-11-02},
	journal = {数理解析研究所講究録},
	author = {野田, 知宣},
	month = apr,
	year = {2020},
	pages = {29--43},
}
@book{BB19061613,
  author    = "植田, 一石",
  title     = "数物系のためのシンプレクティック幾何学入門",
  publisher = "サイエンス社",
  year      = "2015",
  series    = "臨時別冊・数理科学",
  URL       = "https://ci.nii.ac.jp/ncid/BB19061613"
}
@book{ BA87914734,
  author    = "Silva, Ana Cannas da",
  title     = "Lectures on symplectic geometry",
  publisher = "Springer-Verlag",
  year      = "2008",
  edition   = "Corr. 2. print",
  series    = "Lecture notes in mathematics",
  number    = "1764",
  URL       = "https://ci.nii.ac.jp/ncid/BA87914734"
}
@book{marsden_introduction_1999,
        address = {New York, NY},
        series = {Texts in {Applied} {Mathematics}},
        title = {Introduction to {Mechanics} and {Symmetry}: {A} {Basic} {Exposition} of {Classical} {Mechanical} {Systems}},
        volume = {17},
        isbn = {978-1-4419-3143-6 978-0-387-21792-5},
        shorttitle = {Introduction to {Mechanics} and {Symmetry}},
        url = {http://link.springer.com/10.1007/978-0-387-21792-5},
        language = {en},
        publisher = {Springer},
        author = {Marsden, Jerrold E. and Ratiu, Tudor S.},
        editor = {Marsden, Jerrold E. and Sirovich, L. and Golubitsky, M. and Jäger, W.},
        year = {1999},
        doi = {10.1007/978-0-387-21792-5},
}
@book{ BB13785508,
  author    = "今野, 宏",
  title     = "微分幾何学",
  publisher = "東京大学出版会",
  year      = "2013",
  series    = "大学数学の世界",
  number    = "1",
  URL       = "https://ci.nii.ac.jp/ncid/BB13785508"
}